@inproceedings{lu2006combining,
  title={Combining analytical and empirical approaches in tuning matrix transposition},
  author={Lu, Q. and Krishnamoorthy, S. and Sadayappan, P.},
  booktitle={Proceedings of the 15th international conference on Parallel architectures and compilation techniques},
  pages={233--242},
  year={2006},
  organization={ACM}
}
